<record><leader>00000cas a2200000Ma 4500</leader><controlfield tag="001">227718447</controlfield><controlfield tag="007">hd afu---bacu</controlfield><controlfield tag="008">840208d19641982mnudr nea     0   a0eng  </controlfield><datafield ind1=" " ind2=" " tag="010"><subfield code="a">sn 83016774 </subfield></datafield><datafield ind1=" " ind2=" " tag="040"><subfield code="a">DLC</subfield><subfield code="b">eng</subfield><subfield code="c">CUY</subfield><subfield code="d">CGU</subfield><subfield code="d">OCLCF</subfield><subfield code="d">OCLCO</subfield></datafield><datafield ind1=" " ind2=" " tag="019"><subfield code="a">41055397</subfield></datafield><datafield ind1="0" ind2=" " tag="050"><subfield code="a">Newspaper</subfield></datafield><datafield ind1="0" ind2=" " tag="130"><subfield code="a">Minneapolis tribune (Minneapolis, Minn. : 1964)</subfield></datafield><datafield ind1="0" ind2="0" tag="245"><subfield code="a">Minneapolis tribune.</subfield></datafield><datafield ind1=" " ind2=" " tag="260"><subfield code="a">Minneapolis, Minn. :</subfield><subfield code="b">Minneapolis Star and Tribune Co.,</subfield><subfield code="c">1964-1982.</subfield></datafield><datafield ind1=" " ind2=" " tag="300"><subfield code="a">18 v. :</subfield><subfield code="b">ill.</subfield></datafield><datafield ind1=" " ind2=" " tag="310"><subfield code="a">Daily (except Saturday),</subfield><subfield code="b">Aug. 27, 1977-Apr. 4, 1982</subfield></datafield><datafield ind1=" " ind2=" " tag="321"><subfield code="a">Daily,</subfield><subfield code="b">Sept. 13, 1964-Aug. 26, 1977</subfield></datafield><datafield ind1="0" ind2=" " tag="362"><subfield code="a">Vol. 98, no. 112 (Sept. 13, 1964)-v. 115, no. 270 (Apr. 4, 1982).</subfield></datafield><datafield ind1=" " ind2=" " tag="500"><subfield code="a">"Independent."</subfield><subfield code="z">Cf. Ayer, 1982.</subfield></datafield><datafield ind1=" " ind2=" " tag="533"><subfield code="a">Microfilm.</subfield><subfield code="b">[Worster, Ohio] :</subfield><subfield code="c">Bell &amp; Howell. Microphoto Div.</subfield><subfield code="e">microfilm reels ; 35 mm.</subfield></datafield><datafield ind1=" " ind2=" " tag="580"><subfield code="a">Merged with: Minneapolis star (Minneapolis, Minn. : 1939), to form: Minneapolis star and tribune.</subfield></datafield><datafield ind1=" " ind2="0" tag="650"><subfield code="a">American newspapers.</subfield></datafield><datafield ind1=" " ind2="7" tag="650"><subfield code="a">American newspapers.</subfield><subfield code="2">fast</subfield><subfield code="0">(OCoLC)fst00807293</subfield></datafield><datafield ind1=" " ind2=" " tag="752"><subfield code="a">United States</subfield><subfield code="b">Minnesota</subfield><subfield code="c">Hennepin</subfield><subfield code="d">Minneapolis.</subfield></datafield><datafield ind1="0" ind2="0" tag="780"><subfield code="t">Minneapolis morning tribune (Minneapolis, Minn. : 1939)</subfield></datafield><datafield ind1="1" ind2="7" tag="785"><subfield code="t">Minneapolis star</subfield></datafield><datafield ind1="1" ind2="7" tag="785"><subfield code="t">Minneapolis star and tribune</subfield></datafield></record>